<record><leader>00000cas a2200000 a 4500</leader><controlfield tag="001">14509096</controlfield><controlfield tag="008">861023d193419uucaucr ne      0    0eng c</controlfield><datafield ind1=" " ind2=" " tag="010"><subfield code="a">sn 86076424 </subfield></datafield><datafield ind1=" " ind2=" " tag="040"><subfield code="a">NNX</subfield><subfield code="b">eng</subfield><subfield code="c">NNX</subfield><subfield code="d">CNK</subfield><subfield code="d">OCLCQ</subfield><subfield code="d">CNK</subfield><subfield code="d">OCLCQ</subfield><subfield code="d">OCLCF</subfield><subfield code="d">OCLCO</subfield></datafield><datafield ind1="1" ind2=" " tag="029"><subfield code="a">AU@</subfield><subfield code="b">000025805198</subfield></datafield><datafield ind1=" " ind2=" " tag="042"><subfield code="a">pcc</subfield></datafield><datafield ind1=" " ind2=" " tag="043"><subfield code="a">n-us-ca</subfield></datafield><datafield ind1="0" ind2=" " tag="130"><subfield code="a">Lassen advocate (Susanville, Calif. : Daily)</subfield></datafield><datafield ind1="1" ind2="0" tag="245"><subfield code="a">Lassen advocate.</subfield></datafield><datafield ind1="3" ind2="0" tag="246"><subfield code="a">Lassen advocate-mail</subfield></datafield><datafield ind1=" " ind2=" " tag="260"><subfield code="a">Susanville, Calif. :</subfield><subfield code="b">Ross Draper</subfield></datafield><datafield ind1=" " ind2=" " tag="300"><subfield code="a">v. :</subfield><subfield code="b">ill.</subfield></datafield><datafield ind1=" " ind2=" " tag="310"><subfield code="a">Semiweekly,</subfield><subfield code="b">Feb. 11, 1987-</subfield></datafield><datafield ind1=" " ind2=" " tag="321"><subfield code="a">Frequency varies</subfield></datafield><datafield ind1="1" ind2=" " tag="362"><subfield code="a">Began in Apr., 1934.</subfield></datafield><datafield ind1=" " ind2=" " tag="500"><subfield code="a">Also published in weekly edition, Jan. 4, 1873-Sept. 28, 1934.</subfield></datafield><datafield ind1=" " ind2=" " tag="530"><subfield code="a">Master negatives are available for duplication from:</subfield><subfield code="b">California Newspaper Microfilm Archive;</subfield><subfield code="c">positive copies may be purchased by the reel; for further information consult the CNMA at:</subfield><subfield code="u">http://cbsr.ucr.edu</subfield></datafield><datafield ind1=" " ind2=" " tag="580"><subfield code="a">Absorbed: Sugar Pine press, Apr. 23, 1954, which continued to be published as a section of the Lassen advocate with separate numbering, until Aug. 5, 1954 when numbering was dropped.</subfield></datafield><datafield ind1=" " ind2=" " tag="588"><subfield code="a">Description based on: Vol. 69, no. 157 (Oct. 4, 1934).</subfield></datafield><datafield ind1=" " ind2="0" tag="651"><subfield code="a">Lassen County (Calif.)</subfield><subfield code="v">Newspapers.</subfield></datafield><datafield ind1=" " ind2="7" tag="655"><subfield code="a">Newspapers.</subfield><subfield code="2">fast</subfield><subfield code="0">(OCoLC)fst01423814</subfield></datafield><datafield ind1=" " ind2="7" tag="651"><subfield code="a">California</subfield><subfield code="z">Lassen County.</subfield><subfield code="2">fast</subfield><subfield code="0">(OCoLC)fst01213137</subfield></datafield><datafield ind1=" " ind2=" " tag="752"><subfield code="a">United States</subfield><subfield code="b">California</subfield><subfield code="c">Lassen</subfield><subfield code="d">Susanville.</subfield></datafield><datafield ind1="1" ind2=" " tag="775"><subfield code="t">Lassen advocate</subfield><subfield code="w">(DLC)sn 85025150</subfield></datafield><datafield ind1="0" ind2="5" tag="780"><subfield code="t">Lassen mail</subfield><subfield code="w">(DLC)sn 93052028</subfield></datafield><datafield ind1="1" ind2="5" tag="780"><subfield code="t">Sugar pine press</subfield><subfield code="w">(DLC)sn 97069588</subfield></datafield></record>